<collection xmlns="http://www.loc.gov/MARC21/slim">
<record>
  <leader>01182nam0a2200265 i 450 </leader>
  <controlfield tag="001">IT\ICCU\CNCE\007382</controlfield>
  <controlfield tag="005">20170227000000.0</controlfield>
  <datafield tag="012" ind1=" " ind2=" ">
    <subfield code="a">      </subfield>
    <subfield code="2">fei</subfield>
    <subfield code="9">INR</subfield>
  </datafield>
  <datafield tag="100" ind1=" " ind2=" ">
    <subfield code="a">19970101d1588        0itac0103    ba</subfield>
  </datafield>
  <datafield tag="101" ind1=" " ind2=" ">
    <subfield code="a">GRC</subfield>
  </datafield>
  <datafield tag="102" ind1=" " ind2=" ">
    <subfield code="a">IT</subfield>
  </datafield>
  <datafield tag="200" ind1="1" ind2=" ">
    <subfield code="a">℗Ioannis Andreae Bracchi regiensis clerici ℗Constantinus, funebris oratio</subfield>
  </datafield>
  <datafield tag="210" ind1=" " ind2=" ">
    <subfield code="a">Venetiis</subfield>
    <subfield code="c">apud Petrum Dusinellum</subfield>
    <subfield code="d">1588</subfield>
  </datafield>
  <datafield tag="215" ind1=" " ind2=" ">
    <subfield code="a">\6! c.</subfield>
    <subfield code="d">4ʻ</subfield>
  </datafield>
  <datafield tag="300" ind1=" " ind2=" ">
    <subfield code="a">Precede titolo in greco</subfield>
  </datafield>
  <datafield tag="620" ind1=" " ind2=" ">
    <subfield code="a">IT</subfield>
    <subfield code="d">Venezia</subfield>
  </datafield>
  <datafield tag="700" ind1=" " ind2="1">
    <subfield code="a">Bracchi,</subfield>
    <subfield code="b">Giovanni Andrea</subfield>
    <subfield code="3">IT\ICCU\CNCA\001981</subfield>
  </datafield>
  <datafield tag="712" ind1="0" ind2="0">
    <subfield code="a">Dusinelli, Pietro</subfield>
    <subfield code="3">IT\ICCU\CNCT\000536</subfield>
    <subfield code="4">650</subfield>
  </datafield>
  <datafield tag="790" ind1=" " ind2="1">
    <subfield code="a">Bracci,</subfield>
    <subfield code="b">Giovanni Andrea</subfield>
    <subfield code="3">IT\ICCU\CNCA\012951</subfield>
    <subfield code="z">Bracchi, Giovanni Andrea</subfield>
  </datafield>
  <datafield tag="791" ind1="0" ind2="0">
    <subfield code="a">Dusinellus, Petrus</subfield>
    <subfield code="3">IT\ICCU\CNCT\004750</subfield>
    <subfield code="z">Dusinelli, Pietro</subfield>
  </datafield>
  <datafield tag="801" ind1=" " ind2="3">
    <subfield code="a">IT</subfield>
    <subfield code="b">ICCU</subfield>
    <subfield code="c">20201113</subfield>
  </datafield>
  <datafield tag="899" ind1=" " ind2=" ">
    <subfield code="a">Biblioteca Estense Universitaria. Modena</subfield>
    <subfield code="z">MUTILO</subfield>
    <subfield code="1">MO0089</subfield>
    <subfield code="2">MOD BE</subfield>
  </datafield>
  <datafield tag="899" ind1=" " ind2=" ">
    <subfield code="a">Biblioteca  Panizzi. Reggio Emilia</subfield>
    <subfield code="1">RE0052</subfield>
    <subfield code="2">RE2 PA</subfield>
  </datafield>
  <datafield tag="911" ind1=" " ind2=" ">
    <subfield code="a">nel front.</subfield>
    <subfield code="9">IT\ICCU\CNCM\001587</subfield>
  </datafield>
  <datafield tag="921" ind1=" " ind2=" ">
    <subfield code="a">IT\ICCU\CNCM\001587</subfield>
    <subfield code="b">Fortuna (donna su  nave con vela al vento). A prora Mercurio con caduceo. In cornice figurata</subfield>
    <subfield code="e">In dies arte ac fortuna</subfield>
    <subfield code="c">U483</subfield>
    <subfield code="d">Dimensioni: 3 x 3</subfield>
    <subfield code="f">FORTUNA</subfield>
    <subfield code="f">MERCURIO</subfield>
    <subfield code="g">1582-1596</subfield>
  </datafield>
</record>
</collection>
